<?xml version="1.0" encoding="UTF-8"?><record xmlns="http://www.loc.gov/MARC21/slim" xmlns:cinclude="http://apache.org/cocoon/include/1.0" xmlns:zs="http://www.loc.gov/zing/srw/">
  <leader>00591cz  a2200145n  4500</leader>
  <controlfield tag="001">n 2004030368</controlfield>
  <controlfield tag="003">DLC</controlfield>
  <controlfield tag="005">20050526180813.0</controlfield>
  <controlfield tag="008">040630n| acannaabn          |n aaa      </controlfield>
  <datafield tag="010" ind1=" " ind2=" ">
    <subfield code="a">n 2004030368</subfield>
  </datafield>
  <datafield tag="040" ind1=" " ind2=" ">
    <subfield code="a">DLC</subfield>
    <subfield code="b">eng</subfield>
    <subfield code="c">DLC</subfield>
  </datafield>
  <datafield tag="053" ind1=" " ind2="0">
    <subfield code="a">PS3610.O377</subfield>
  </datafield>
  <datafield tag="100" ind1="1" ind2=" ">
    <subfield code="a">Johnson, Scott A.</subfield>
    <subfield code="q">(Scott Asburry),</subfield>
    <subfield code="d">1971-</subfield>
  </datafield>
  <datafield tag="670" ind1=" " ind2=" ">
    <subfield code="a">Johnson, Scott A. An American haunting, 2004:</subfield>
    <subfield code="b">ecip t.p. (Scott A. Johnson) data view (reisdes in San Marcos, Tex.; a staff member at Texas State University-San Marcos)</subfield>
  </datafield>
  <datafield tag="670" ind1=" " ind2=" ">
    <subfield code="a">Email from publisher, June 29, 2004</subfield>
    <subfield code="b">(Scott Asburry Johnson; b. Mar. 21, 1971; his first book)</subfield>
  </datafield>
</record>